@Inbook{Zheng2010,
author="Zheng, Fei
and Webb, Geoffrey I.",
editor="Sammut, Claude
and Webb, Geoffrey I.",
title="Tree Augmented Naive Bayes",
bookTitle="Encyclopedia of Machine Learning",
year="2010",
publisher="Springer US",
address="Boston, MA",
pages="990--991",
isbn="978-0-387-30164-8",
doi="10.1007/978-0-387-30164-8_850",
url="http://dx.doi.org/10.1007/978-0-387-30164-8_850"
}

