@Article{Friedman1997,
author="Friedman, Nir
and Geiger, Dan
and Goldszmidt, Moises",
title="Bayesian Network Classifiers",
journal="Machine Learning",
year="1997",
volume="29",
number="2",
pages="131--163",
issn="1573-0565",
doi="10.1023/A:1007465528199",
url="http://dx.doi.org/10.1023/A:1007465528199"
}

