@book{ai,
	author = "Russel, Stuart and Norvig, Peter",
	title= "Artificial Intelligence: A Modern Approach",
	year="2010",
	publisher = "Pearson Education",
	edition ="3rd",
	address="Upper Saddle River, New Jersey 07458,
}

@Article{Quinlan1986,
author="Quinlan, J.R.",
title="Induction of Decision Trees",
journal="Machine Learning",
year="1986",
volume="1",
number="1",
pages="81--106",

}
