@book{ai,
	author = "Russel, Stuart and Norvig, Peter",
	title= "Artificial Intelligence: A Modern Approach",
	year="2010",
	publisher = "Pearson Education",
	edition ="3rd",
	address="Upper Saddle River, New Jersey 07458",
}
@article{robinson,
 author = {Robinson, J. A.},
 title = {A Machine-Oriented Logic Based on the Resolution Principle},
 journal = {J. ACM},
 issue_date = {Jan. 1965},
 volume = {12},
 number = {1},
 month = jan,
 year = {1965},
 issn = {0004-5411},
 pages = {23--41},
 numpages = {19},
 url = {http://doi.acm.org/10.1145/321250.321253},
 doi = {10.1145/321250.321253},
 acmid = {321253},
 publisher = {ACM},
 address = {New York, NY, USA},
}

@article{linear,
title = "Experimental tests of resolution-based theorem-proving strategies",
journal = "Information Sciences",
volume = "10",
number = "2",
pages = "131 - 154",
year = "1976",
note = "",
issn = "0020-0255",
doi = "http://dx.doi.org/10.1016/S0020-0255(76)90698-8",
url = "http://www.sciencedirect.com/science/article/pii/S0020025576906988",
author = "J. Dennis Lawrence and J. Denbigh Starkey",
}

@book{reactive,
author = "Gerhard Weiss",
title = "Multiagent Systems: A Modern Approach to Distributed Artificial Intelligence",
year = "1999",
publisher = "MIT Press",
address = "Cambridge, Massachusetts",
}



